@article{alphaminer,
  doi = {10.1109/tkde.2004.47},
  url = {https://doi.org/10.1109/tkde.2004.47},
  year = {2004},
  month = sep,
  publisher = {Institute of Electrical and Electronics Engineers ({IEEE})},
  volume = {16},
  number = {9},
  pages = {1128--1142},
  author = {W. van der Aalst and T. Weijters and L. Maruster},
  title = {Workflow mining: discovering process models from event logs},
  journal = {{IEEE} Transactions on Knowledge and Data Engineering}
}
@book{thebible,
  doi = {10.1007/978-3-662-49851-4_1},
  url = {https://doi.org/10.1007/978-3-662-49851-4_1},
  year = {2016},
  publisher = {Springer Berlin Heidelberg},
  pages = {3--23},
  author = {Wil van der Aalst},
  title = {Data Science in Action},
  booktitle = {Process Mining}
}
@incollection{source,
  doi = {10.1007/978-3-030-58638-6_7},
  url = {https://doi.org/10.1007/978-3-030-58638-6_7},
  year = {2020},
  publisher = {Springer International Publishing},
  pages = {105--121},
  author = {Jari Peeperkorn and Seppe vanden Broucke and Jochen De Weerdt},
  title = {Conformance Checking Using Activity and Trace Embeddings},
  booktitle = {Lecture Notes in Business Information Processing}
}
@inproceedings{pm4py,
  author={Berti, Alessandro and van Zelst, Sebastiaan J. and van der Aalst, Wil M. P.},
  title={Process Mining for Python ({PM4Py}): Bridging the Gap Between Process-and Data Science},
  booktitle={Proceedings of the ICPM Demo Track 2019, co-located with 1st International Conference on Process Mining (ICPM 2019), Aachen, Germany, June 24-26, 2019.},
  url={http://ceur-ws.org/Vol-2374/},
  pages={13–16},
  year={2019},
}
@ARTICLE{numpy,
  author  = {Harris, Charles R. and Millman, K. Jarrod and
            van der Walt, Stéfan J and Gommers, Ralf and
            Virtanen, Pauli and Cournapeau, David and
            Wieser, Eric and Taylor, Julian and Berg, Sebastian and
            Smith, Nathaniel J. and Kern, Robert and Picus, Matti and
            Hoyer, Stephan and van Kerkwijk, Marten H. and
            Brett, Matthew and Haldane, Allan and
            Fernández del Río, Jaime and Wiebe, Mark and
            Peterson, Pearu and Gérard-Marchant, Pierre and
            Sheppard, Kevin and Reddy, Tyler and Weckesser, Warren and
            Abbasi, Hameer and Gohlke, Christoph and
            Oliphant, Travis E.},
  title   = {Array programming with {NumPy}},
  journal = {Nature},
  year    = {2020},
  volume  = {585},
  pages   = {357–362},
  doi     = {10.1038/s41586-020-2649-2}
}

@misc{case_study_2014,
  author = "{Ulsan National Institute of Science and Technology}",
  title  = "{Process Mining at Seoul National University Bundang Hospital}",
  year   = 2014,
  note   = "\url{https://www.tf-pm.org/resources/casestudy/process-mining-at-seoul-national-university-bundang-hospital}",
}

@inproceedings{inproceedings,
author = {Pandey, Dhirendra and Suman, Ugrasen and Ramani, A.K.},
year = {2010},
month = {11},
pages = {287 - 291},
title = {An Effective Requirement Engineering Process Model for Software Development and Requirements Management},
doi = {10.1109/ARTCom.2010.24}
}

@inbook{inbook,
author = {Peeperkorn, Jari and vanden Broucke, Seppe and Weerdt, Jochen},
year = {2020},
month = {09},
pages = {105-121},
title = {Conformance Checking Using Activity and Trace Embeddings},
isbn = {978-3-030-58637-9},
doi = {10.1007/978-3-030-58638-6_7}
}

@misc{cawemo,
  title = {Cawemo},
  howpublished = {\url{https://cawemo.com/}},
  note = {Accessed: 2020-12-21}
}